<?xml version="1.0" encoding="UTF-8"?><collection xmlns="http://www.loc.gov/MARC21/slim"><record><leader>00446nam--2200181-u-4500</leader><controlfield tag="001">000052412</controlfield><controlfield tag="002">20161230</controlfield><controlfield tag="005">20161230201050</controlfield><controlfield tag="008">100707s1000------------r-----000-0-rus-d</controlfield><datafield ind1=" " ind2=" " tag="040"><subfield code="a">IFIN-HH</subfield></datafield><datafield ind1=" " ind2=" " tag="041"><subfield code="a">rus</subfield></datafield><datafield ind1=" " ind2=" " tag="080"><subfield code="a">531.314.4</subfield></datafield><datafield ind1="1" ind2=" " tag="100"><subfield code="a">Certkov, R.I</subfield></datafield><datafield ind1="1" ind2="0" tag="245"><subfield code="a">Metod Iakobi b dinamike tverdogo tela</subfield><subfield code="c">R.I. Certov</subfield></datafield><datafield ind1=" " ind2=" " tag="260"><subfield code="a">Leningrad</subfield><subfield code="b">Sudrom giz</subfield><subfield code="c">1960</subfield></datafield><datafield ind1=" " ind2=" " tag="300"><subfield code="a">324 p</subfield></datafield><datafield ind1=" " ind2=" " tag="852"><subfield code="a">76000</subfield><subfield code="c">531</subfield></datafield><datafield ind1=" " ind2=" " tag="CAT"><subfield code="a">Sys</subfield><subfield code="c">20100707</subfield><subfield code="h">143552</subfield></datafield></record></collection>